<?xml version="1.0" encoding="UTF-8" ?>
<marc:record xmlns:marc="http://www.loc.gov/MARC21/slim">
<marc:leader>01206cas a2200229   4500</marc:leader>
<marc:controlfield tag="001">108268</marc:controlfield>

<marc:controlfield tag="008">890224s1778                        eng  </marc:controlfield>

<marc:datafield tag="035" ind1=" " ind2=" ">
<marc:subfield code="a">(Sirsi) 108268</marc:subfield>
</marc:datafield>

<marc:datafield tag="100" ind1="1" ind2=" ">
<marc:subfield code="a">Forster, Johann Reinhold,</marc:subfield>
<marc:subfield code="d">1729-1798</marc:subfield>
</marc:datafield>

<marc:datafield tag="245" ind1="1" ind2="0">
<marc:subfield code="a">Observations made during a voyage round the world [in H.M.S. Resolution] on physical geography, natural history, and ethic philosophy, especially on.</marc:subfield>
<marc:subfield code="n">1,</marc:subfield>
<marc:subfield code="p">The Earth and its strata .</marc:subfield>
<marc:subfield code="n">2,</marc:subfield>
<marc:subfield code="p">Water and the ocean .</marc:subfield>
<marc:subfield code="n">3.,</marc:subfield>
<marc:subfield code="p">The atmosphere .</marc:subfield>
<marc:subfield code="n">4,</marc:subfield>
<marc:subfield code="p">The changes of the globe .</marc:subfield>
<marc:subfield code="n">5,</marc:subfield>
<marc:subfield code="p">Organic bodies .</marc:subfield>
<marc:subfield code="n">6,</marc:subfield>
<marc:subfield code="p">The human species /</marc:subfield>
<marc:subfield code="c">by John Reinhold Forster</marc:subfield>
</marc:datafield>

<marc:datafield tag="260" ind1=" " ind2=" ">
<marc:subfield code="a">London :</marc:subfield>
<marc:subfield code="b">G. Robinson,</marc:subfield>
<marc:subfield code="c">1778</marc:subfield>
</marc:datafield>

<marc:datafield tag="300" ind1=" " ind2=" ">
<marc:subfield code="a">iv, [9] - 649, [2] p., [1] folded leaf ;</marc:subfield>
<marc:subfield code="c">29 cm.</marc:subfield>
</marc:datafield>

<marc:datafield tag="596" ind1=" " ind2=" ">
<marc:subfield code="a">4 6 </marc:subfield>
</marc:datafield>

<marc:controlfield tag="001">Catkey 6732 </marc:controlfield>

<marc:datafield tag="590" ind1="1" ind2=" ">
<marc:subfield code="a">Itemid 212176 </marc:subfield>
</marc:datafield>

<marc:datafield tag="590" ind1="1" ind2=" ">
<marc:subfield code="a">Itemid 292420 </marc:subfield>
</marc:datafield>

<marc:datafield tag="592" ind1=" " ind2=" ">
<marc:subfield code="a">Scanned for Darwin Library and BHL. </marc:subfield>
</marc:datafield>

<marc:datafield tag="690" ind1=" " ind2=" ">
<marc:subfield code="a">Voyages of discovery </marc:subfield>
</marc:datafield>

<marc:datafield tag="693" ind1=" " ind2=" ">
<marc:subfield code="a">Resolution (Ship) </marc:subfield>
</marc:datafield>

<marc:datafield tag="999" ind1=" " ind2=" ">
<marc:subfield code="a">4 q F</marc:subfield>
<marc:subfield code="w">WOODWARD</marc:subfield>
<marc:subfield code="c">1</marc:subfield>
<marc:subfield code="i">212176</marc:subfield>
<marc:subfield code="d">5/8/1999</marc:subfield>
<marc:subfield code="l">SHELVES</marc:subfield>
<marc:subfield code="m">GENERAL</marc:subfield>
<marc:subfield code="r">Y</marc:subfield>
<marc:subfield code="s">Y</marc:subfield>
<marc:subfield code="t">BOOK</marc:subfield>
<marc:subfield code="u">27/3/1998</marc:subfield>
<marc:subfield code="x">RARE</marc:subfield>
<marc:subfield code="z">QUARTO </marc:subfield>
</marc:datafield>

<marc:datafield tag="999" ind1=" " ind2=" ">
<marc:subfield code="a">ROTHSCHILD LIB. 60/F</marc:subfield>
<marc:subfield code="w">WOODWARD</marc:subfield>
<marc:subfield code="c">1</marc:subfield>
<marc:subfield code="i">292420</marc:subfield>
<marc:subfield code="d">27/3/1998</marc:subfield>
<marc:subfield code="l">SHELVES</marc:subfield>
<marc:subfield code="m">TRING</marc:subfield>
<marc:subfield code="r">Y</marc:subfield>
<marc:subfield code="s">Y</marc:subfield>
<marc:subfield code="t">BOOK</marc:subfield>
<marc:subfield code="u">27/3/1998</marc:subfield>
<marc:subfield code="x">RARE </marc:subfield>
</marc:datafield>

</marc:record>